<record><leader>00000cas a2200000 a 4500</leader><controlfield tag="001">36036265</controlfield><controlfield tag="008">961205c199u9999fluer ne      0    0eng c</controlfield><datafield ind1=" " ind2=" " tag="010"><subfield code="a">sn 96027712 </subfield></datafield><datafield ind1=" " ind2=" " tag="040"><subfield code="a">FUG</subfield><subfield code="b">eng</subfield><subfield code="c">FUG</subfield><subfield code="d">OCLCQ</subfield><subfield code="d">OCLCF</subfield><subfield code="d">OCLCO</subfield></datafield><datafield ind1="1" ind2=" " tag="029"><subfield code="a">AU@</subfield><subfield code="b">000012970979</subfield></datafield><datafield ind1=" " ind2=" " tag="037"><subfield code="b">360 Yonge St., Ormond Beach, FL 32174</subfield></datafield><datafield ind1=" " ind2=" " tag="042"><subfield code="a">pcc</subfield></datafield><datafield ind1=" " ind2=" " tag="043"><subfield code="a">n-us-fl</subfield></datafield><datafield ind1="0" ind2=" " tag="130"><subfield code="a">Seniors today (Ormond Beach, Fla.)</subfield></datafield><datafield ind1="1" ind2="0" tag="245"><subfield code="a">Seniors today.</subfield></datafield><datafield ind1=" " ind2=" " tag="260"><subfield code="a">Ormond Beach, FL :</subfield><subfield code="b">Merle Harris Enterprises</subfield></datafield><datafield ind1=" " ind2=" " tag="300"><subfield code="a">v. :</subfield><subfield code="b">ill. ;</subfield><subfield code="c">37 cm.</subfield></datafield><datafield ind1=" " ind2=" " tag="310"><subfield code="a">Biweekly</subfield></datafield><datafield ind1=" " ind2=" " tag="500"><subfield code="a">"The Daytona Beach senior newspaper serving Volusia &amp; Flagler counties."</subfield></datafield><datafield ind1=" " ind2=" " tag="588"><subfield code="a">Description based on: Vol. 5, issue 19 (Sept. 13, 1996).</subfield></datafield><datafield ind1=" " ind2=" " tag="588"><subfield code="a">Latest issue consulted: Vol. 5, issue 20 (Sept. 27, 1996).</subfield></datafield><datafield ind1=" " ind2="0" tag="651"><subfield code="a">Ormond Beach (Fla.)</subfield><subfield code="v">Newspapers.</subfield></datafield><datafield ind1=" " ind2="0" tag="651"><subfield code="a">Daytona Beach (Fla.)</subfield><subfield code="v">Newspapers.</subfield></datafield><datafield ind1=" " ind2="0" tag="651"><subfield code="a">Volusia County (Fla.)</subfield><subfield code="v">Newspapers.</subfield></datafield><datafield ind1=" " ind2="0" tag="651"><subfield code="a">Flagler County (Fla.)</subfield><subfield code="v">Newspapers.</subfield></datafield><datafield ind1=" " ind2="7" tag="655"><subfield code="a">Newspapers.</subfield><subfield code="2">fast</subfield><subfield code="0">(OCoLC)fst01423814</subfield></datafield><datafield ind1=" " ind2="7" tag="651"><subfield code="a">Florida</subfield><subfield code="z">Daytona Beach.</subfield><subfield code="2">fast</subfield><subfield code="0">(OCoLC)fst01202733</subfield></datafield><datafield ind1=" " ind2="7" tag="651"><subfield code="a">Florida</subfield><subfield code="z">Flagler County.</subfield><subfield code="2">fast</subfield><subfield code="0">(OCoLC)fst01216655</subfield></datafield><datafield ind1=" " ind2="7" tag="651"><subfield code="a">Florida</subfield><subfield code="z">Ormond Beach.</subfield><subfield code="2">fast</subfield><subfield code="0">(OCoLC)fst01208825</subfield></datafield><datafield ind1=" " ind2="7" tag="651"><subfield code="a">Florida</subfield><subfield code="z">Volusia County.</subfield><subfield code="2">fast</subfield><subfield code="0">(OCoLC)fst01204998</subfield></datafield><datafield ind1=" " ind2=" " tag="752"><subfield code="a">United States</subfield><subfield code="b">Florida</subfield><subfield code="c">Volusia</subfield><subfield code="d">Ormond Beach.</subfield></datafield><datafield ind1=" " ind2=" " tag="752"><subfield code="a">United States</subfield><subfield code="b">Florida</subfield><subfield code="c">Volusia</subfield><subfield code="d">Daytona Beach.</subfield></datafield><datafield ind1=" " ind2=" " tag="752"><subfield code="a">United States</subfield><subfield code="b">Florida</subfield><subfield code="c">Flagler.</subfield></datafield></record>